<record><leader>00000cas a2200000 a 4500</leader><controlfield tag="001">10807982</controlfield><controlfield tag="008">840605d197819uucauir ne      0    0eng c</controlfield><datafield ind1=" " ind2=" " tag="010"><subfield code="a">sn 84025950 </subfield></datafield><datafield ind1=" " ind2=" " tag="040"><subfield code="a">NPV</subfield><subfield code="b">eng</subfield><subfield code="c">NPV</subfield><subfield code="d">CNK</subfield><subfield code="d">OCLCQ</subfield><subfield code="d">CNK</subfield><subfield code="d">OCLCQ</subfield><subfield code="d">OCLCF</subfield><subfield code="d">OCLCO</subfield></datafield><datafield ind1="1" ind2=" " tag="029"><subfield code="a">AU@</subfield><subfield code="b">000024693956</subfield></datafield><datafield ind1=" " ind2=" " tag="042"><subfield code="a">pcc</subfield></datafield><datafield ind1=" " ind2=" " tag="043"><subfield code="a">n-us-ca</subfield></datafield><datafield ind1="0" ind2="4" tag="245"><subfield code="a">The V.I.P.</subfield></datafield><datafield ind1="3" ind2=" " tag="246"><subfield code="a">Vallejo independent press</subfield></datafield><datafield ind1="3" ind2=" " tag="246"><subfield code="a">Sunday V.I.P. Vallejo independent press</subfield></datafield><datafield ind1="3" ind2=" " tag="246"><subfield code="a">Friday V.I.P. Vallejo independent press</subfield></datafield><datafield ind1=" " ind2=" " tag="260"><subfield code="a">Vallejo, Calif. :</subfield><subfield code="b">Vallejo Strikers Press,</subfield><subfield code="c">1978-</subfield></datafield><datafield ind1=" " ind2=" " tag="300"><subfield code="a">v. :</subfield><subfield code="b">ill.</subfield></datafield><datafield ind1=" " ind2=" " tag="310"><subfield code="a">Three times a week,</subfield><subfield code="b">Apr.-&lt;June 1984&gt;</subfield></datafield><datafield ind1=" " ind2=" " tag="321"><subfield code="a">Frequency varies,</subfield><subfield code="b">Aug. 16, 1978-Mar. 1984</subfield></datafield><datafield ind1="0" ind2=" " tag="362"><subfield code="a">Vol. 1, no. 1 (Aug. 16, 1978)-</subfield></datafield><datafield ind1=" " ind2=" " tag="500"><subfield code="a">Sun. ed. has title: Sunday V.I.P. Vallejo independent press.</subfield></datafield><datafield ind1=" " ind2=" " tag="500"><subfield code="a">Published on Fridays as: Friday V.I.P. Vallejo independent press, &lt;1982&gt;</subfield></datafield><datafield ind1=" " ind2=" " tag="530"><subfield code="a">Master negatives are available for duplication from:</subfield><subfield code="b">California Newspaper Microfilm Archive;</subfield><subfield code="c">positive copies may be purchased by the reel; for further information consult the CNMA at:</subfield><subfield code="u">http://cbsr.ucr.edu</subfield></datafield><datafield ind1=" " ind2=" " tag="580"><subfield code="a">"Produced ... by striking employees of The Times-Herald in Vallejo until acceptable contract settlements enable them to end the strike and return to work."</subfield></datafield><datafield ind1=" " ind2="0" tag="651"><subfield code="a">Vallejo (Calif.)</subfield><subfield code="v">Newspapers.</subfield></datafield><datafield ind1=" " ind2="7" tag="655"><subfield code="a">Newspapers.</subfield><subfield code="2">fast</subfield><subfield code="0">(OCoLC)fst01423814</subfield></datafield><datafield ind1=" " ind2="7" tag="651"><subfield code="a">California</subfield><subfield code="z">Vallejo.</subfield><subfield code="2">fast</subfield><subfield code="0">(OCoLC)fst01206764</subfield></datafield><datafield ind1=" " ind2=" " tag="752"><subfield code="a">United States</subfield><subfield code="b">California</subfield><subfield code="c">Solano</subfield><subfield code="d">Vallejo.</subfield></datafield><datafield ind1="1" ind2=" " tag="787"><subfield code="t">Times-herald (Vallejo, Calif.)</subfield><subfield code="w">(DLC)sn 93051530</subfield></datafield></record>